<?xml version="1.0" encoding="UTF-8"?><record xmlns="http://www.loc.gov/MARC21/slim" xmlns:cinclude="http://apache.org/cocoon/include/1.0" xmlns:zs="http://www.loc.gov/zing/srw/">
  <leader>01013cz  a2200181n  4500</leader>
  <controlfield tag="001">n 2005069350</controlfield>
  <controlfield tag="003">DLC</controlfield>
  <controlfield tag="005">20130323075903.0</controlfield>
  <controlfield tag="008">050916n| azannaabn          |a aaa      </controlfield>
  <datafield tag="010" ind1=" " ind2=" ">
    <subfield code="a">n 2005069350</subfield>
  </datafield>
  <datafield tag="035" ind1=" " ind2=" ">
    <subfield code="a">(OCoLC)oca06734954</subfield>
  </datafield>
  <datafield tag="040" ind1=" " ind2=" ">
    <subfield code="a">DLC</subfield>
    <subfield code="b">eng</subfield>
    <subfield code="e">rda</subfield>
    <subfield code="c">DLC</subfield>
    <subfield code="d">UPB</subfield>
    <subfield code="d">IEN</subfield>
    <subfield code="d">DLC</subfield>
  </datafield>
  <datafield tag="100" ind1="0" ind2=" ">
    <subfield code="a">Cyril,</subfield>
    <subfield code="c">Saint, Patriarch of Alexandria,</subfield>
    <subfield code="d">approximately 370-444.</subfield>
    <subfield code="t">De incarnatione Unigeniti.</subfield>
    <subfield code="l">Armenian</subfield>
  </datafield>
  <datafield tag="377" ind1=" " ind2=" ">
    <subfield code="a">arm</subfield>
  </datafield>
  <datafield tag="400" ind1="0" ind2=" ">
    <subfield code="a">Cyril,</subfield>
    <subfield code="c">Saint, Patriarch of Alexandria,</subfield>
    <subfield code="d">approximately 370-444.</subfield>
    <subfield code="t">Dzayn aṛ baghdzalin ...</subfield>
  </datafield>
  <datafield tag="400" ind1="0" ind2=" ">
    <subfield code="a">Cyril,</subfield>
    <subfield code="c">Saint, Patriarch of Alexandria,</subfield>
    <subfield code="d">approximately 370-444.</subfield>
    <subfield code="t">Girkʻ parapmantsʻ Srboyn Kiwrghi Episkoposi Aghekʻsandru Hayrapeti Haghags Mardanaloy Miatsnin</subfield>
  </datafield>
  <datafield tag="400" ind1="0" ind2=" ">
    <subfield code="w">nnea</subfield>
    <subfield code="a">Cyril,</subfield>
    <subfield code="c">Saint, Patriarch of Alexandria,</subfield>
    <subfield code="d">ca. 370-444.</subfield>
    <subfield code="t">De incarnatione Unigeniti.</subfield>
    <subfield code="l">Armenian</subfield>
  </datafield>
  <datafield tag="670" ind1=" " ind2=" ">
    <subfield code="a">Cyril, Saint, Patriarch of Alexandria. [Dzayn aṛ baghdzalin ...], 1166 i.e. 1717:</subfield>
    <subfield code="b">added t.p. (Girkʻ parapmantsʻ Srboyn Kiwrghi Episkoposi Aghekʻsandru Hayrapeti Haghags Mardanaloy Miatsnin)</subfield>
  </datafield>
</record>